<?xml version="1.0" encoding="UTF-8"?><record xmlns="http://www.loc.gov/MARC21/slim" xmlns:cinclude="http://apache.org/cocoon/include/1.0" xmlns:zs="http://www.loc.gov/zing/srw/">
  <leader>01256cz  a2200289n  4500</leader>
  <controlfield tag="001">n  98088475 </controlfield>
  <controlfield tag="003">DLC</controlfield>
  <controlfield tag="005">20150521073804.0</controlfield>
  <controlfield tag="008">981001n| azannaabn          |a aaa      </controlfield>
  <datafield tag="010" ind1=" " ind2=" ">
    <subfield code="a">n  98088475 </subfield>
  </datafield>
  <datafield tag="035" ind1=" " ind2=" ">
    <subfield code="a">(OCoLC)oca04828443</subfield>
  </datafield>
  <datafield tag="040" ind1=" " ind2=" ">
    <subfield code="a">DLC</subfield>
    <subfield code="b">eng</subfield>
    <subfield code="e">rda</subfield>
    <subfield code="c">DLC</subfield>
    <subfield code="d">UPB</subfield>
    <subfield code="d">UPB</subfield>
    <subfield code="d">MnMN</subfield>
    <subfield code="d">DLC</subfield>
    <subfield code="d">UPB</subfield>
    <subfield code="d">ICrlF</subfield>
  </datafield>
  <datafield tag="046" ind1=" " ind2=" ">
    <subfield code="f">19600325</subfield>
  </datafield>
  <datafield tag="053" ind1=" " ind2="0">
    <subfield code="a">PS3566.A6739</subfield>
  </datafield>
  <datafield tag="100" ind1="1" ind2=" ">
    <subfield code="a">Park, Linda Sue</subfield>
  </datafield>
  <datafield tag="370" ind1=" " ind2=" ">
    <subfield code="a">Urbana, Ill.</subfield>
    <subfield code="c">Chicago, Ill.</subfield>
    <subfield code="e">Rochester, N.Y.</subfield>
  </datafield>
  <datafield tag="373" ind1=" " ind2=" ">
    <subfield code="a">Stanford University</subfield>
  </datafield>
  <datafield tag="373" ind1=" " ind2=" ">
    <subfield code="a">Trinity College (Dublin, Ireland)</subfield>
  </datafield>
  <datafield tag="373" ind1=" " ind2=" ">
    <subfield code="a">University of London</subfield>
  </datafield>
  <datafield tag="374" ind1=" " ind2=" ">
    <subfield code="a">Author</subfield>
  </datafield>
  <datafield tag="375" ind1=" " ind2=" ">
    <subfield code="a">female</subfield>
  </datafield>
  <datafield tag="377" ind1=" " ind2=" ">
    <subfield code="a">eng</subfield>
  </datafield>
  <datafield tag="400" ind1="1" ind2=" ">
    <subfield code="a">Pak, Linda Su</subfield>
  </datafield>
  <datafield tag="670" ind1=" " ind2=" ">
    <subfield code="a">Seesaw girl, 1999:</subfield>
    <subfield code="b">CIP t.p. (Linda Sue Park) t.p. (by Linda Sue Park) jkt. (b. in Urbana, Illinois; degrees in English literature from Stanford Univ., Trinity College, Dublin, and the Univ. of London)</subfield>
  </datafield>
  <datafield tag="670" ind1=" " ind2=" ">
    <subfield code="a">SaguĚmpĘťari han chogak, 2002:</subfield>
    <subfield code="b">t.p. (Linda Su Pak [in Kor.])</subfield>
  </datafield>
  <datafield tag="670" ind1=" " ind2=" ">
    <subfield code="a">Linda Sue Park, via WWW, Apr. 17, 2012</subfield>
    <subfield code="b">(b. Mar 25, 1960; grew up near Chicago; daughter of Korean immigrants; lives in upstate New York with her Irish husband and family)</subfield>
  </datafield>
  <datafield tag="670" ind1=" " ind2=" ">
    <subfield code="a">Wikipedia, via WWW, Apr. 17, 2012</subfield>
    <subfield code="b">(an American author of children's fiction; lives in Rochester, New York)</subfield>
  </datafield>
</record>